<record xmlns="http://www.loc.gov/MARC21/slim" xmlns:xsi="http://www.w3.org/2001/XMLSchema-instance" xsi:schemaLocation="http://www.loc.gov/MARC21/slim http://www.loc.gov/standards/marcxml/schema/MARC21slim.xsd"><leader>00037nz   2200037n  4500</leader><controlfield tag="001">DNB|102403678</controlfield><controlfield tag="003">DNB</controlfield><controlfield tag="005">20080405190928.0</controlfield><controlfield tag="008">930416n||aznnnabbn           | aaa    |c</controlfield><datafield ind1=" " ind2=" " tag="035"><subfield code="a">(DE-101)102403678</subfield></datafield><datafield ind1=" " ind2=" " tag="035"><subfield code="a">(DE-588a)102403678</subfield></datafield><datafield ind1=" " ind2=" " tag="040"><subfield code="a">DE-12</subfield><subfield code="b">ger</subfield><subfield code="c">DE-101</subfield><subfield code="e">rakwb</subfield><subfield code="d">9999</subfield></datafield><datafield ind1=" " ind2=" " tag="079"><subfield code="a">p</subfield><subfield code="q">f</subfield><subfield code="q">p</subfield><subfield code="t">12-PAN</subfield></datafield><datafield ind1="0" ind2=" " tag="100"><subfield code="a">Polemon</subfield><subfield code="c">Pontus, König, I.</subfield><subfield code="d">1. Jh. v. Chr./1. Jh. n. Chr.</subfield></datafield><datafield ind1="0" ind2=" " tag="400"><subfield code="a">Polemōn</subfield><subfield code="c">Eusebes̄</subfield><subfield code="d">1. Jh. v. Chr./1. Jh. n. Chr.</subfield></datafield><datafield ind1="0" ind2=" " tag="400"><subfield code="a">Polemon</subfield><subfield code="c">Pontos, König, I.</subfield><subfield code="d">1. Jh. v. Chr./1. Jh. n. Chr.</subfield></datafield><datafield ind1="0" ind2=" " tag="400"><subfield code="a">Polemon</subfield><subfield code="c">Pontos, König, II.</subfield><subfield code="d">1. Jh. v. Chr./1. Jh. n. Chr.</subfield></datafield><datafield ind1="0" ind2=" " tag="400"><subfield code="a">Polemon</subfield><subfield code="c">Epigrammaticus</subfield><subfield code="d">1. Jh. v. Chr./1. Jh. n. Chr.</subfield></datafield><datafield ind1="0" ind2=" " tag="400"><subfield code="a">Polemon</subfield><subfield code="c">Pontus, Rex, II.</subfield><subfield code="d">1. Jh. v. Chr./1. Jh. n. Chr.</subfield></datafield><datafield ind1=" " ind2=" " tag="549"><subfield code="w">i</subfield><subfield code="i">Lebensdaten</subfield><subfield code="a">1. Jh. v. Chr./1. Jh. n. Chr.</subfield></datafield><datafield ind1=" " ind2=" " tag="678"><subfield code="a">AP 5.68; 9.746; 11.38; evtl. ist auch Polemon &lt;Pontus, König, II.&gt; Verf. der Epigramme</subfield></datafield><datafield ind1=" " ind2=" " tag="997"><subfield code="a">0 0 flourished 0 0</subfield><subfield code="9">1</subfield></datafield></record>